{
  "leader": "03232cam a22005891i 4500",
  "fields": [
    {
      "001": "ocm00486140\\"
    },
    {
      "003": "OCoLC"
    },
    {
      "005": "20221221165515.0"
    },
    {
      "008": "720121s1959\\\\\\\\nyuac\\\\\\\\bc\\\\\\000\\0beng\\\\"
    },
    {
      "010": {
        "ind1": "\\",
        "ind2": "\\",
        "subfields": [
          {
            "a": "   59010311 "
          }
        ]
      }
    },
    {
      "040": {
        "ind1": "\\",
        "ind2": "\\",
        "subfields": [
          {
            "a": "DLC"
          },
          {
            "b": "eng"
          },
          {
            "e": "rda"
          },
          {
            "c": "DLC"
          },
          {
            "d": "BTCTA"
          },
          {
            "d": "OCLCG"
          },
          {
            "d": "CNMBL"
          },
          {
            "d": "EUM"
          },
          {
            "d": "OCLCF"
          },
          {
            "d": "OCLCQ"
          },
          {
            "d": "CUT"
          },
          {
            "d": "UKTTE"
          },
          {
            "d": "MMX"
          },
          {
            "d": "Z6E"
          },
          {
            "d": "EYT"
          },
          {
            "d": "OCLCQ"
          },
          {
            "d": "YT1"
          },
          {
            "d": "NLC"
          },
          {
            "d": "OCLCQ"
          },
          {
            "d": "UKOBU"
          },
          {
            "d": "CEF"
          },
          {
            "d": "TKN"
          },
          {
            "d": "BOS"
          },
          {
            "d": "CNO"
          },
          {
            "d": "CSA"
          },
          {
            "d": "TYC"
          },
          {
            "d": "HCO"
          },
          {
            "d": "FQG"
          },
          {
            "d": "SPP"
          },
          {
            "d": "CPS"
          },
          {
            "d": "OCLCQ"
          },
          {
            "d": "PAU"
          },
          {
            "d": "NAM"
          },
          {
            "d": "YCP"
          },
          {
            "d": "S#L"
          },
          {
            "d": "TWJ"
          },
          {
            "d": "SNN"
          },
          {
            "d": "PEX"
          },
          {
            "d": "NJR"
          },
          {
            "d": "INT"
          },
          {
            "d": "BUB"
          },
          {
            "d": "JDP"
          },
          {
            "d": "VAN"
          },
          {
            "d": "URS"
          },
          {
            "d": "OCLCO"
          },
          {
            "d": "OL{dollar}"
          },
          {
            "d": "BGU"
          },
          {
            "d": "WYR"
          },
          {
            "d": "FSP"
          },
          {
            "d": "UAB"
          },
          {
            "d": "WYU"
          },
          {
            "d": "FWR"
          },
          {
            "d": "UKUOY"
          },
          {
            "d": "UWO"
          },
          {
            "d": "MTU"
          },
          {
            "d": "YOU"
          },
          {
            "d": "HV6"
          },
          {
            "d": "OCLCA"
          },
          {
            "d": "OCLCQ"
          },
          {
            "d": "CWI"
          },
          {
            "d": "OCLCQ"
          },
          {
            "d": "EZC"
          },
          {
            "d": "LGG"
          },
          {
            "d": "PUG"
          },
          {
            "d": "YBM"
          },
          {
            "d": "OCLCQ"
          },
          {
            "d": "OCLCO"
          },
          {
            "d": "JJE"
          },
          {
            "d": "YUS"
          },
          {
            "d": "UKNRU"
          },
          {
            "d": "U3G"
          },
          {
            "d": "UWW"
          },
          {
            "d": "CBA"
          },
          {
            "d": "LKC"
          },
          {
            "d": "DKC"
          },
          {
            "d": "EVV"
          },
          {
            "d": "FNE"
          },
          {
            "d": "OCLCQ"
          },
          {
            "d": "OCL"
          },
          {
            "d": "OCLCQ"
          },
          {
            "d": "OCLCO"
          },
          {
            "d": "OCL"
          },
          {
            "d": "IGA"
          },
          {
            "d": "OCLCO"
          },
          {
            "d": "IL4J6"
          },
          {
            "d": "OCLCA"
          },
          {
            "d": "OCLCO"
          },
          {
            "d": "CUT"
          }
        ]
      }
    },
    {
      "016": {
        "ind1": "\\",
        "ind2": "\\",
        "subfields": [
          {
            "a": "(AMICUS)000001294027"
          }
        ]
      }
    },
    {
      "019": {
        "ind1": "\\",
        "ind2": "\\",
        "subfields": [
          {
            "a": "80632679"
          },
          {
            "a": "213672438"
          },
          {
            "a": "974722977"
          },
          {
            "a": "982672033"
          },
          {
            "a": "1008238175"
          },
          {
            "a": "1114869322"
          },
          {
            "a": "1153708683"
          }
        ]
      }
    },
    {
      "024": {
        "ind1": "8",
        "ind2": "\\",
        "subfields": [
          {
            "z": "641"
          }
        ]
      }
    },
    {
      "035": {
        "ind1": "\\",
        "ind2": "\\",
        "subfields": [
          {
            "a": "(OCoLC)486140"
          },
          {
            "z": "(OCoLC)80632679"
          },
          {
            "z": "(OCoLC)213672438"
          },
          {
            "z": "(OCoLC)974722977"
          },
          {
            "z": "(OCoLC)982672033"
          },
          {
            "z": "(OCoLC)1008238175"
          },
          {
            "z": "(OCoLC)1114869322"
          },
          {
            "z": "(OCoLC)1153708683"
          }
        ]
      }
    },
    {
      "043": {
        "ind1": "\\",
        "ind2": "\\",
        "subfields": [
          {
            "a": "e-sp---"
          }
        ]
      }
    },
    {
      "050": {
        "ind1": "\\",
        "ind2": "4",
        "subfields": [
          {
            "a": "ND813.M5"
          },
          {
            "b": "S63 1959"
          }
        ]
      }
    },
    {
      "082": {
        "ind1": "0",
        "ind2": "0",
        "subfields": [
          {
            "a": "759.6"
          },
          {
            "b": "SOB"
          }
        ]
      }
    },
    {
      "100": {
        "ind1": "1",
        "ind2": "\\",
        "subfields": [
          {
            "a": "Soby, James Thrall,"
          },
          {
            "d": "1906-1979,"
          },
          {
            "e": "author."
          }
        ]
      }
    },
    {
      "245": {
        "ind1": "1",
        "ind2": "0",
        "subfields": [
          {
            "a": "Joa\u0301n Miro\u0301 /"
          },
          {
            "c": "by James Thrall Soby."
          }
        ]
      }
    },
    {
      "264": {
        "ind1": "\\",
        "ind2": "1",
        "subfields": [
          {
            "a": "New York :"
          },
          {
            "b": "Museum of Modern Art,"
          },
          {
            "c": "[1959]"
          }
        ]
      }
    },
    {
      "264": {
        "ind1": "\\",
        "ind2": "2",
        "subfields": [
          {
            "a": "Garden City, N.Y. :"
          },
          {
            "b": "Doubleday,"
          },
          {
            "c": "[1959]"
          }
        ]
      }
    },
    {
      "300": {
        "ind1": "\\",
        "ind2": "\\",
        "subfields": [
          {
            "a": "164 pages :"
          },
          {
            "b": "illustrations (some color), portrait ;"
          },
          {
            "c": "25 cm"
          }
        ]
      }
    },
    {
      "336": {
        "ind1": "\\",
        "ind2": "\\",
        "subfields": [
          {
            "a": "text"
          },
          {
            "b": "txt"
          },
          {
            "2": "rdacontent"
          }
        ]
      }
    },
    {
      "337": {
        "ind1": "\\",
        "ind2": "\\",
        "subfields": [
          {
            "a": "unmediated"
          },
          {
            "b": "n"
          },
          {
            "2": "rdamedia"
          }
        ]
      }
    },
    {
      "338": {
        "ind1": "\\",
        "ind2": "\\",
        "subfields": [
          {
            "a": "volume"
          },
          {
            "b": "nc"
          },
          {
            "2": "rdacarrier"
          }
        ]
      }
    },
    {
      "500": {
        "ind1": "\\",
        "ind2": "\\",
        "subfields": [
          {
            "a": "Published in connection with an exhibition at the Museum of Modern Art from March 18 - May 10, 1959 ."
          }
        ]
      }
    },
    {
      "504": {
        "ind1": "\\",
        "ind2": "\\",
        "subfields": [
          {
            "a": "Includes bibliographical references (pages 153-161)."
          }
        ]
      }
    },
    {
      "530": {
        "ind1": "\\",
        "ind2": "\\",
        "subfields": [
          {
            "a": "Also issued online."
          }
        ]
      }
    },
    {
      "505": {
        "ind1": "0",
        "ind2": "\\",
        "subfields": [
          {
            "a": "Acknowledgements -- Joan Miro\u0301 by James Thrall Soby -- Notes to the text -- List of the exhibitions -- Bibliography by Bernard Karpel -- Index."
          }
        ]
      }
    },
    {
      "590": {
        "ind1": "\\",
        "ind2": "\\",
        "subfields": [
          {
            "a": "Library holds translation of this title in: [Spanish] [Joan Miro\u0301]."
          }
        ]
      }
    },
    {
      "600": {
        "ind1": "1",
        "ind2": "0",
        "subfields": [
          {
            "a": "Miro\u0301, Joan,"
          },
          {
            "d": "1893-1983."
          }
        ]
      }
    },
    {
      "650": {
        "ind1": "\\",
        "ind2": "0",
        "subfields": [
          {
            "a": "Artists"
          },
          {
            "z": "Spain"
          },
          {
            "v": "Biography."
          }
        ]
      }
    },
    {
      "600": {
        "ind1": "1",
        "ind2": "0",
        "subfields": [
          {
            "a": "Miro\u0301, Joan,"
          },
          {
            "d": "1893-1983"
          },
          {
            "v": "Exhibitions."
          }
        ]
      }
    },
    {
      "650": {
        "ind1": "\\",
        "ind2": "0",
        "subfields": [
          {
            "a": "Art, Spanish"
          },
          {
            "y": "20th century"
          },
          {
            "v": "Exhibitions."
          }
        ]
      }
    },
    {
      "650": {
        "ind1": "\\",
        "ind2": "0",
        "subfields": [
          {
            "a": "Painting, Spanish"
          },
          {
            "y": "20th century"
          },
          {
            "v": "Exhibitions."
          }
        ]
      }
    },
    {
      "650": {
        "ind1": "\\",
        "ind2": "0",
        "subfields": [
          {
            "a": "Collage, Spanish"
          },
          {
            "y": "20th century"
          },
          {
            "v": "Exhibitions."
          }
        ]
      }
    },
    {
      "650": {
        "ind1": "\\",
        "ind2": "0",
        "subfields": [
          {
            "a": "Surrealism"
          },
          {
            "z": "Spain"
          },
          {
            "y": "20th century"
          },
          {
            "v": "Exhibitions."
          }
        ]
      }
    },
    {
      "650": {
        "ind1": "\\",
        "ind2": "0",
        "subfields": [
          {
            "a": "Pottery, Spanish"
          },
          {
            "y": "20th century"
          },
          {
            "v": "Exhibitions."
          }
        ]
      }
    },
    {
      "600": {
        "ind1": "1",
        "ind2": "7",
        "subfields": [
          {
            "a": "Miro\u0301, Joan,"
          },
          {
            "d": "1893-1983"
          },
          {
            "2": "fast"
          },
          {
            "0": "(OCoLC)fst00033442"
          }
        ]
      }
    },
    {
      "650": {
        "ind1": "\\",
        "ind2": "7",
        "subfields": [
          {
            "a": "Artists."
          },
          {
            "2": "fast"
          },
          {
            "0": "(OCoLC)fst00817559"
          }
        ]
      }
    },
    {
      "651": {
        "ind1": "\\",
        "ind2": "7",
        "subfields": [
          {
            "a": "Spain."
          },
          {
            "2": "fast"
          },
          {
            "0": "(OCoLC)fst01204303"
          }
        ]
      }
    },
    {
      "655": {
        "ind1": "\\",
        "ind2": "7",
        "subfields": [
          {
            "a": "Biographies."
          },
          {
            "2": "fast"
          },
          {
            "0": "(OCoLC)fst01919896"
          }
        ]
      }
    },
    {
      "655": {
        "ind1": "\\",
        "ind2": "7",
        "subfields": [
          {
            "a": "Biographies."
          },
          {
            "2": "lcgft"
          }
        ]
      }
    },
    {
      "655": {
        "ind1": "\\",
        "ind2": "7",
        "subfields": [
          {
            "a": "Exhibition catalogs."
          },
          {
            "2": "lcgft"
          }
        ]
      }
    },
    {
      "700": {
        "ind1": "1",
        "ind2": "\\",
        "subfields": [
          {
            "a": "Karpel, Bernard,"
          },
          {
            "d": "1911-1986,"
          },
          {
            "e": "writer of supplementary textual content."
          }
        ]
      }
    },
    {
      "710": {
        "ind1": "2",
        "ind2": "\\",
        "subfields": [
          {
            "a": "Museum of Modern Art (New York, N.Y.),"
          },
          {
            "e": "host institution."
          }
        ]
      }
    },
    {
      "776": {
        "ind1": "0",
        "ind2": "8",
        "subfields": [
          {
            "i": "Online version:"
          },
          {
            "a": "Soby, James Thrall, 1906-1979."
          },
          {
            "t": "Joa\u0301n Miro\u0301."
          },
          {
            "d": "New York, Museum of Modern Art; distributed by Doubleday, Garden City, N.Y. [1959]"
          },
          {
            "w": "(OCoLC)567433079"
          }
        ]
      }
    },
    {
      "994": {
        "ind1": "\\",
        "ind2": "\\",
        "subfields": [
          {
            "a": "Z0"
          },
          {
            "b": "NYRVC"
          }
        ]
      }
    },
    {
      "948": {
        "ind1": "\\",
        "ind2": "\\",
        "subfields": [
          {
            "h": "NO HOLDINGS IN NYRVC - 1032 OTHER HOLDINGS"
          }
        ]
      }
    },
    {
      "999": {
        "ind1": "\\",
        "ind2": "\\",
        "subfields": [
          {
            "a": "00000000010428"
          },
          {
            "b": "English"
          }
        ]
      }
    },
    {
      "999": {
        "ind1": "\\",
        "ind2": "\\",
        "subfields": [
          {
            "a": "00000000010432"
          },
          {
            "b": "Spanish translation"
          }
        ]
      }
    }
  ]
}